@article{nunes2017least,
 abstract = {We prove an asymptotic formula for squarefree numbers in arithmetic progressions, improving previous results by Prachar and Hooley. As a consequence we improve a lower bound of Heath-Brown for the least squarefree number in an arithmetic progression.},
 author = {Nunes, R. M.},
 copyright = {Â© 2017 University College London},
 doi = {10.1112/S0025579317000043},
 file = {/Users/ramon/Zotero/storage/W75N9GTN/Nunes - 2017 - On the Least Squarefree Number in an Arithmetic Pr.pdf;/Users/ramon/Zotero/storage/4KEKFKK2/S0025579317000043.html},
 issn = {2041-7942},
 journal = {Mathematika},
 keywords = {11A07 (secondary),11N37 (primary)},
 langid = {english},
 number = {2},
 pages = {483--498},
 title = {On the Least Squarefree Number in an Arithmetic Progression},
 urldate = {2023-06-23},
 volume = {63},
 year = {2017}
}

