@misc{nunes2021spectral,
 abstract = {We prove a spectral reciprocity formula for automorphic forms on GL$(2)$ over a number field that is remininscent of the one found by Blomer and Khan. Our approach uses period representations of $L$-functions and the language of automorphic representations.},
 archiveprefix = {arxiv},
 author = {Nunes, Ramon M.},
 copyright = {All rights reserved},
 doi = {10.48550/arXiv.2002.01993},
 eprint = {2002.01993},
 file = {/Users/ramon/Zotero/storage/JMJHBLZ8/Nunes - 2021 - Spectral reciprocity via integral representations.pdf;/Users/ramon/Zotero/storage/5VP5673T/2002.html},
 keywords = {Mathematics - Number Theory},
 month = {December},
 number = {arXiv:2002.01993},
 primaryclass = {math},
 publisher = {arXiv},
 title = {Spectral Reciprocity via Integral Representations},
 urldate = {2023-04-12},
 year = {2021}
}

